<?xml version="1.0" encoding="UTF-8"?><record xmlns="http://www.loc.gov/MARC21/slim" xmlns:cinclude="http://apache.org/cocoon/include/1.0" xmlns:zs="http://www.loc.gov/zing/srw/">
  <leader>00442nz  a2200133n  4500</leader>
  <controlfield tag="001">nb2011020353</controlfield>
  <controlfield tag="003">DLC</controlfield>
  <controlfield tag="005">20110805075134.0</controlfield>
  <controlfield tag="008">110803n| acannaabn          |n aaa      </controlfield>
  <datafield tag="010" ind1=" " ind2=" ">
    <subfield code="a">nb2011020353</subfield>
  </datafield>
  <datafield tag="035" ind1=" " ind2=" ">
    <subfield code="a">(Uk)008215368</subfield>
  </datafield>
  <datafield tag="040" ind1=" " ind2=" ">
    <subfield code="a">Uk</subfield>
    <subfield code="b">eng</subfield>
    <subfield code="c">Uk</subfield>
  </datafield>
  <datafield tag="100" ind1="1" ind2=" ">
    <subfield code="a">Sprinzen, Merle</subfield>
  </datafield>
  <datafield tag="670" ind1=" " ind2=" ">
    <subfield code="a">Little Wonder Records and Bubble Books, c2011:</subfield>
    <subfield code="b">t.p. (Merle Sprinzen) p.222 (PhD from Harvard Univ.; senior marketing &amp; business strategist &amp; angel investor)</subfield>
  </datafield>
</record>